@article{Jeong2009,
  doi = {10.1103/physreva.79.011802},
  url = {https://doi.org/10.1103/physreva.79.011802},
  year = {2009},
  month = jan,
  publisher = {American Physical Society ({APS})},
  volume = {79},
  number = {1},
  author = {Heejeong Jeong and Shengwang Du},
  title = {Two-way transparency in the light-matter interaction: Optical precursors with electromagnetically induced transparency},
  journal = {Physical Review A}
}

@article{jeong2010slow,
  doi = {10.1364/ol.35.000124},
  url = {https://doi.org/10.1364/ol.35.000124},
  year = {2010},
  month = jan,
  publisher = {The Optical Society},
  volume = {35},
  number = {2},
  pages = {124},
  author = {Heejeong Jeong and Shengwang Du},
  title = {Slow-light-induced interference with stacked optical precursors for square input pulses},
  journal = {Optics Letters}
}

@Book{griffiths2017introduction,
	author = {Griffiths, David},
	title = {Introduction to electrodynamics},
	publisher = {Cambridge University Press},
	year = {2017},
	address = {Cambridge, United Kingdom New York, NY},
	isbn = {9781108420419}
}

@Book{jackson1999classical,
	author = {Jackson, John},
	title = {Classical electrodynamics},
	publisher = {Wiley},
	year = {1999},
	address = {New York},
	isbn = {0-471-30932-X}
}

@book{jeong2006thesis,
	title={Direct observation of optical precursors in a cold potassium gas},
	author={Jeong, Heejeong},
	volume={67},
	number={12},
	year={2006}
}

@article{Jeong2006,
  doi = {10.1103/physrevlett.96.143901},
  url = {https://doi.org/10.1103/physrevlett.96.143901},
  year = {2006},
  month = apr,
  publisher = {American Physical Society ({APS})},
  volume = {96},
  number = {14},
  author = {Heejeong Jeong and Andrew M. C. Dawes and Daniel J. Gauthier},
  title = {Direct Observation of Optical Precursors in a Region of Anomalous Dispersion},
  journal = {Physical Review Letters}
}

@book{allen1987optical,
	author = {Allen, L and Eberly, J H},
	isbn = {9780486655338},
	mendeley-groups = {FYP Reading List},
	publisher = {Dover},
	series = {Dover books on physics and chemistry},
	title = {{Optical Resonance and Two-level Atoms}},
	url = {https://books.google.com.my/books?id=1q0ae-XNmWwC},
	year = {1987}
}

@article{chen2010stacked,
	title={Stacked optical precursors from amplitude and phase modulations},
	author={Chen, JF and Jeong, Heejeong and Feng, Lin and Loy, Michael MT and Wong, George KL and Du, Shengwang},
	journal={Physical review letters},
	volume={104},
	number={22},
	pages={223602},
	year={2010},
	publisher={APS}
}

@book{maxwell1873treatise,
	title={A treatise on electricity and magnetism},
	author={Maxwell, James Clerk},
	volume={1},
	year={1873},
	publisher={Oxford: Clarendon Press}
}

@book{silfvast2008laser,
	author = {Silfvast, W T},
	isbn = {9780521541053},
	mendeley-groups = {FYP Reading List},
	publisher = {Cambridge University Press},
	title = {{Laser Fundamentals}},
	url = {https://books.google.com.my/books?id=vWtpPwAACAAJ},
	year = {2008}
}

@article{Segard_1987,
  doi = {10.1209/0295-5075/4/1/008},
  url = {https://doi.org/10.1209/0295-5075/4/1/008},
  year = {1987},
  month = jul,
  publisher = {{IOP} Publishing},
  volume = {4},
  number = {1},
  pages = {47--52},
  author = {B Segard and J Zemmouri and B Macke},
  title = {Generation of Electromagnetic Pulses by Stacking of Coherent Transients},
  journal = {Europhysics Letters ({EPL})}
}

@article{Kwong2014,
  doi = {10.1103/physrevlett.113.223601},
  url = {https://doi.org/10.1103/physrevlett.113.223601},
  year = {2014},
  month = nov,
  publisher = {American Physical Society ({APS})},
  volume = {113},
  number = {22},
  author = {C.{\hspace{0.167em}}C. Kwong and T. Yang and M.{\hspace{0.167em}}S. Pramod and K. Pandey and D. Delande and R. Pierrat and D. Wilkowski},
  title = {Cooperative Emission of a Coherent Superflash of Light},
  journal = {Physical Review Letters}
}

@book{brillouin1969wave,
	author = {Brillouin, L},
	mendeley-groups = {FYP Reading List},
	publisher = {Academic Press},
	series = {Pure and applied physics},
	title = {{Wave Propagation and Group Velocity}},
	url = {https://books.google.com.my/books?id=WXPZzAEACAAJ},
	year = {1969}
}

@article{Du2008,
  doi = {10.1364/ol.33.002149},
  url = {https://doi.org/10.1364/ol.33.002149},
  year = {2008},
  month = sep,
  publisher = {The Optical Society},
  volume = {33},
  number = {18},
  pages = {2149},
  author = {Shengwang Du and Chinmay Belthangady and Pavel Kolchin and G. Y. Yin and S. E. Harris},
  title = {Observation of optical precursors at the biphoton level},
  journal = {Optics Letters}
}

@article{Chen2010,
  doi = {10.1103/physreva.81.033844},
  url = {https://doi.org/10.1103/physreva.81.033844},
  year = {2010},
  month = mar,
  publisher = {American Physical Society ({APS})},
  volume = {81},
  number = {3},
  author = {J. F. Chen and Shuyuan Wang and Dong Wei and M. M. T. Loy and G. K. L. Wong and Shengwang Du},
  title = {Optical coherent transients in cold atoms: From free-induction decay to optical precursors},
  journal = {Physical Review A}
}

@article{Sherman1981,
  doi = {10.1103/physrevlett.47.1451},
  url = {https://doi.org/10.1103/physrevlett.47.1451},
  year = {1981},
  month = nov,
  publisher = {American Physical Society ({APS})},
  volume = {47},
  number = {20},
  pages = {1451--1454},
  author = {George C. Sherman and Kurt Edmund Oughstun},
  title = {Description of Pulse Dynamics in Lorentz Media in Terms of the Energy Velocity and Attenuation of Time-Harmonic Waves},
  journal = {Physical Review Letters}
}
@book{Stratton1941,
	address = {New York; London},
	author = {Stratton, Julius Adams},
	isbn = {0070621500 9780070621503},
	language = {English},
	mendeley-groups = {FYP Reading List},
	publisher = {McGraw-Hill Book Company, Inc.},
	title = {{Electromagnetic theory}},
	year = {1941}
}

@article{Wei2009,
  doi = {10.1103/physrevlett.103.093602},
  url = {https://doi.org/10.1103/physrevlett.103.093602},
  year = {2009},
  month = aug,
  publisher = {American Physical Society ({APS})},
  volume = {103},
  number = {9},
  author = {Dong Wei and J. F. Chen and M. M. T. Loy and G. K. L. Wong and Shengwang Du},
  title = {Optical Precursors with Electromagnetically Induced Transparency in Cold Atoms},
  journal = {Physical Review Letters}
}

@article{Oughstun2010,
  doi = {10.1364/josab.27.001664},
  url = {https://doi.org/10.1364/josab.27.001664},
  year = {2010},
  month = jul,
  publisher = {The Optical Society},
  volume = {27},
  number = {8},
  pages = {1664},
  author = {Kurt E. Oughstun and Natalie A. Cartwright and Daniel J. Gauthier and Heejeong Jeong},
  title = {Optical precursors in the singular and weak dispersion limits},
  journal = {Journal of the Optical Society of America B}
}

@article{MacKe2009,
  doi = {10.1103/physreva.80.011803},
  url = {https://doi.org/10.1103/physreva.80.011803},
  year = {2009},
  month = jul,
  publisher = {American Physical Society ({APS})},
  volume = {80},
  number = {1},
  author = {Bruno Macke and Bernard S{\'{e}}gard},
  title = {Optical precursors in transparent media},
  journal = {Physical Review A}
}

@article{Oughstun1988,
  doi = {10.1364/josab.5.000817},
  url = {https://doi.org/10.1364/josab.5.000817},
  year = {1988},
  month = apr,
  publisher = {The Optical Society},
  volume = {5},
  number = {4},
  pages = {817},
  author = {Kurt Edmund Oughstun and George C. Sherman},
  title = {Propagation of electromagnetic pulses in a linear dispersive medium with absorption (the Lorentz medium)},
  journal = {Journal of the Optical Society of America B}
}

@article{Cooley1965,
  doi = {10.1090/s0025-5718-1965-0178586-1},
  url = {https://doi.org/10.1090/s0025-5718-1965-0178586-1},
  year = {1965},
  month = may,
  publisher = {American Mathematical Society ({AMS})},
  volume = {19},
  number = {90},
  pages = {297--297},
  author = {James W. Cooley and John W. Tukey},
  title = {An algorithm for the machine calculation of complex Fourier series},
  journal = {Mathematics of Computation}
}

@article{Crisp1970,
  doi = {10.1103/physreva.1.1604},
  url = {https://doi.org/10.1103/physreva.1.1604},
  year = {1970},
  month = jun,
  publisher = {American Physical Society ({APS})},
  volume = {1},
  number = {6},
  pages = {1604--1611},
  author = {M. D. Crisp},
  title = {Propagation of Small-Area Pulses of Coherent Light through a Resonant Medium},
  journal = {Physical Review A}
}

@article{Jeong2008,
  doi = {10.1364/josab.25.0000b1},
  url = {https://doi.org/10.1364/josab.25.0000b1},
  year = {2008},
  month = mar,
  publisher = {The Optical Society},
  volume = {25},
  number = {7},
  pages = {B1},
  author = {Heejeong Jeong and Ulf \"{O}sterberg},
  title = {Coherent transients: optical precursors and 0$\uppi$ pulses},
  journal = {Journal of the Optical Society of America B}
}

@article{Jeong2011,
  doi = {10.1080/09500340.2011.575961},
  url = {https://doi.org/10.1080/09500340.2011.575961},
  year = {2011},
  month = apr,
  publisher = {Informa {UK} Limited},
  volume = {58},
  number = {10},
  pages = {865--872},
  author = {Heejeong Jeong and Andrew M.C. Dawes and Daniel J. Gauthier},
  title = {Carrier-frequency dependence of a step-modulated pulse propagating through a weakly dispersive single narrow-resonance absorber},
  journal = {Journal of Modern Optics}
}

@incollection{Meystre2006,
  doi = {10.1007/978-0-387-26308-3_68},
  url = {https://doi.org/10.1007/978-0-387-26308-3_68},
  year = {2006},
  publisher = {Springer New York},
  pages = {997--1007},
  author = {Pierre Meystre},
  title = {Light-Matter Interaction},
  booktitle = {Springer Handbook of Atomic,  Molecular,  and Optical Physics}
}

@book{Meschede2017,
  doi = {10.1002/9783527685486},
  url = {https://doi.org/10.1002/9783527685486},
  year = {2017},
  month = apr,
  publisher = {Wiley-{VCH} Verlag {GmbH} {\&} Co. {KGaA}},
  author = {Dieter Meschede},
  title = {Optics,  Light,  and Lasers}
}

@article{Macke2013,
  doi = {10.1103/physreva.87.043830},
  url = {https://doi.org/10.1103/physreva.87.043830},
  year = {2013},
  month = apr,
  publisher = {American Physical Society ({APS})},
  volume = {87},
  number = {4},
  author = {Bruno Macke and Bernard S{\'{e}}gard},
  title = {From Sommerfeld and Brillouin forerunners to optical precursors},
  journal = {Physical Review A}
}
@book{Oughstun2019,
  doi = {10.1007/978-3-030-20692-5},
  url = {https://doi.org/10.1007/978-3-030-20692-5},
  year = {2019},
  publisher = {Springer International Publishing},
  author = {Kurt E. Oughstun},
  title = {Electromagnetic and Optical Pulse Propagation}
}

@phdthesis{Kindem2013,
abstract = {This thesis theoretically and experimentally explores the behavior of optical precur- sors in cold rubidium gas. Starting from Maxwell's equation, the weakly dispersive, narrow resonance approximation is used to derive expressions for the time evolution of the precursor field. This main result is expanded to develop expressions that ac- count for step pulses with finite rise time, a series of rectangular pulses and phase modulated inputs. Optical precursors are experimentally observed in cold rubidium gas in a magneto-optical trap. For the case of a single rectangular modulated pulse, the transmitted field is seen to depend on the detuning of the carrier frequency from the medium's resonance frequency. For a series of step modulated pulses, a stacking effect between multiple precursor field is achieved by using constructive interference between the modulation patterns that arise for off-resonance precursors.},
author = {Kindem, Jonathan Miners},
file = {:C$\backslash$:/Users/rahma/Downloads/Bsc Physics FYP/Reading Materials/Related/JonKindem13.pdf:pdf},
mendeley-groups = {FYP Reading List},
pages = {76},
school = {Reed College},
title = {{Optical Precursors}},
url = {https://www.reed.edu/physics/faculty/illing/campus/pdf/JonKindem13.pdf},
year = {2013}
}

@article{Jeong2019,
  doi = {10.1364/josab.36.003282},
  url = {https://doi.org/10.1364/josab.36.003282},
  year = {2019},
  month = nov,
  publisher = {The Optical Society},
  volume = {36},
  number = {12},
  pages = {3282},
  author = {Heejeong Jeong and Chang-Won Lee and Andrew M. C. Dawes and Daniel J. Gauthier},
  title = {Optical precursors in a weakly dispersive double narrow-resonance dielectric},
  journal = {Journal of the Optical Society of America B}
}

@misc{Macke2015,
      title={Brillouin precursors in Debye media}, 
      author={Bruno Macke and Bernard Ségard},
      year={2015},
      eprint={1502.02889},
      archivePrefix={arXiv},
      primaryClass={physics.optics}
}

@article{Chalony2011,
  doi = {10.1103/physreva.84.011401},
  url = {https://doi.org/10.1103/physreva.84.011401},
  year = {2011},
  month = jul,
  publisher = {American Physical Society ({APS})},
  volume = {84},
  number = {1},
  author = {M. Chalony and R. Pierrat and D. Delande and D. Wilkowski},
  title = {Coherent flash of light emitted by a cold atomic cloud},
  journal = {Physical Review A}
}

@article{Kwong2015,
  doi = {10.1103/physrevlett.115.223601},
  url = {https://doi.org/10.1103/physrevlett.115.223601},
  year = {2015},
  month = nov,
  publisher = {American Physical Society ({APS})},
  volume = {115},
  number = {22},
  author = {C.{\hspace{0.167em}}C. Kwong and T. Yang and D. Delande and R. Pierrat and D. Wilkowski},
  title = {Cooperative Emission of a Pulse Train in an Optically Thick Scattering Medium},
  journal = {Physical Review Letters}
}

@phdthesis{Kwong2017,
  doi = {10.32657/10356/69897},
  url = {https://doi.org/10.32657/10356/69897},
  publisher = {Nanyang Technological University},
  author = {Chang Chi Kwong},
  title = {Coherent transmission of light through a cold atomic cloud}
}

@article{Kwong2019,
  doi = {10.1103/physreva.99.043806},
  url = {https://doi.org/10.1103/physreva.99.043806},
  year = {2019},
  month = apr,
  publisher = {American Physical Society ({APS})},
  volume = {99},
  number = {4},
  author = {C. C. Kwong and D. Wilkowski and D. Delande and R. Pierrat},
  title = {Coherent light propagation through cold atomic clouds beyond the independent scattering approximation},
  journal = {Physical Review A}
}

@article{Hahn1950,
  doi = {10.1103/physrev.77.297.2},
  url = {https://doi.org/10.1103/physrev.77.297.2},
  year = {1950},
  month = jan,
  publisher = {American Physical Society ({APS})},
  volume = {77},
  number = {2},
  pages = {297--298},
  author = {E. L. Hahn},
  title = {Nuclear Induction Due to Free Larmor Precession},
  journal = {Physical Review}
}

@article{Brewer1972,
  doi = {10.1103/physreva.6.2001},
  url = {https://doi.org/10.1103/physreva.6.2001},
  year = {1972},
  month = dec,
  publisher = {American Physical Society ({APS})},
  volume = {6},
  number = {6},
  pages = {2001--2007},
  author = {Richard G. Brewer and R. L. Shoemaker},
  title = {Optical Free Induction Decay},
  journal = {Physical Review A}
}

@article{Foster1974,
  doi = {10.1103/physreva.10.2318},
  url = {https://doi.org/10.1103/physreva.10.2318},
  year = {1974},
  month = dec,
  publisher = {American Physical Society ({APS})},
  volume = {10},
  number = {6},
  pages = {2318--2324},
  author = {K. L. Foster and S. Stenholm and Richard G. Brewer},
  title = {Interference pulses in optical free induction decay},
  journal = {Physical Review A}
}

@article{Rabi1937,
  doi = {10.1103/physrev.51.652},
  url = {https://doi.org/10.1103/physrev.51.652},
  year = {1937},
  month = apr,
  publisher = {American Physical Society ({APS})},
  volume = {51},
  number = {8},
  pages = {652--654},
  author = {I. I. Rabi},
  title = {Space Quantization in a Gyrating Magnetic Field},
  journal = {Physical Review}
}

@article{Dicke1954,
  doi = {10.1103/physrev.93.99},
  url = {https://doi.org/10.1103/physrev.93.99},
  year = {1954},
  month = jan,
  publisher = {American Physical Society ({APS})},
  volume = {93},
  number = {1},
  pages = {99--110},
  author = {R. H. Dicke},
  title = {Coherence in Spontaneous Radiation Processes},
  journal = {Physical Review}
}

@book{10.5555/1098650,
 author = {Abramowitz, Milton},
 title = {Handbook of mathematical functions, with formulas, graphs, and mathematical tables},
 publisher = {Dover Publications},
 year = {1965},
 address = {New York},
 isbn = {0486612724}
}

@article{Braje2004,
  doi = {10.1103/physrevlett.93.183601},
  url = {https://doi.org/10.1103/physrevlett.93.183601},
  year = {2004},
  month = oct,
  publisher = {American Physical Society ({APS})},
  volume = {93},
  number = {18},
  author = {Danielle A. Braje and Vlatko Bali{\'{c}} and Sunil Goda and G. Y. Yin and S. E. Harris},
  title = {Frequency Mixing Using Electromagnetically Induced Transparency in Cold Atoms},
  journal = {Physical Review Letters}
}

@article{Araujo2016,
  doi = {10.1103/physrevlett.117.073002},
  url = {https://doi.org/10.1103/physrevlett.117.073002},
  year = {2016},
  month = aug,
  publisher = {American Physical Society ({APS})},
  volume = {117},
  number = {7},
  author = {Michelle O. Ara{\'{u}}jo and Ivor Kre{\v{s}}i{\'{c}} and Robin Kaiser and William Guerin},
  title = {Superradiance in a Large and Dilute Cloud of Cold Atoms in the Linear-Optics Regime},
  journal = {Physical Review Letters}
}

@article{Kwong2020,
  doi = {10.1103/physreva.102.063722},
  url = {https://doi.org/10.1103/physreva.102.063722},
  year = {2020},
  month = dec,
  publisher = {American Physical Society ({APS})},
  volume = {102},
  number = {6},
  author = {C. C. Kwong and T. Wellens and K. Pandey and D. Wilkowski},
  title = {Resonant forward-scattered field in the high-saturation regime: Elastic and inelastic contributions},
  journal = {Physical Review A}
}

@book{boyd2020nonlinear,
  title={Nonlinear optics},
  author={Boyd, Robert W},
  year={2020},
  publisher={Academic press}
}

@misc{hecht1974optics,
  title={Optics, fourth printing},
  author={Hecht, Eugene and Zajac, Alfred},
  year={1974},
  publisher={Addison-Wesley Publishing Company, Reading, MA}
}

@article{abramowitz1965ia,
  title={IA Stegun Handbook of Mathematical Functions Dover Publications},
  author={Abramowitz, M},
  journal={New York},
  year={1965}
}

@article{Sommerfeld1914,
  doi = {10.1002/andp.19143491002},
  url = {https://doi.org/10.1002/andp.19143491002},
  year = {1914},
  publisher = {Wiley},
  volume = {349},
  number = {10},
  pages = {177--202},
  author = {A. Sommerfeld},
  title = {\"{U}ber die Fortpflanzung des Lichtes in dispergierenden Medien},
  journal = {Annalen der Physik}
}

@article{Brillouin1914,
  doi = {10.1002/andp.19143491003},
  url = {https://doi.org/10.1002/andp.19143491003},
  year = {1914},
  publisher = {Wiley},
  volume = {349},
  number = {10},
  pages = {203--240},
  author = {L. Brillouin},
  title = {\"{U}ber die Fortpflanzung des Lichtes in dispergierenden Medien},
  journal = {Annalen der Physik}
}

@article{Gea-Banacloche1995,
  doi = {10.1103/physreva.51.576},
  url = {https://doi.org/10.1103/physreva.51.576},
  year = {1995},
  month = jan,
  publisher = {American Physical Society ({APS})},
  volume = {51},
  number = {1},
  pages = {576--584},
  author = {Julio Gea-Banacloche and Yong-qing Li and Shao-zheng Jin and Min Xiao},
  title = {Electromagnetically induced transparency in ladder-type inhomogeneously broadened media: Theory and experiment},
  journal = {Physical Review A}
}
